<collection xmlns="http://www.loc.gov/MARC21/slim">
<record>
  <leader>01006nam0a22002171i 450 </leader>
  <controlfield tag="001">IT\ICCU\CNCE\079513</controlfield>
  <controlfield tag="005">20170731000000.0</controlfield>
  <datafield tag="012" ind1=" " ind2=" ">
    <subfield code="a">enir s-me e-t- omhe (C) 1517 (Q)</subfield>
    <subfield code="2">fei</subfield>
  </datafield>
  <datafield tag="100" ind1=" " ind2=" ">
    <subfield code="a">20170728f1517        0itac0103    ba</subfield>
  </datafield>
  <datafield tag="101" ind1=" " ind2=" ">
    <subfield code="a">ITA</subfield>
  </datafield>
  <datafield tag="102" ind1=" " ind2=" ">
    <subfield code="a">IT</subfield>
  </datafield>
  <datafield tag="200" ind1="1" ind2=" ">
    <subfield code="a">Littera de le marauigliose battaglie apparse nouamente in Bergamasca</subfield>
  </datafield>
  <datafield tag="210" ind1=" " ind2=" ">
    <subfield code="d">\1517?!</subfield>
  </datafield>
  <datafield tag="215" ind1=" " ind2=" ">
    <subfield code="a">\4! c.</subfield>
    <subfield code="d">8ʻ</subfield>
  </datafield>
  <datafield tag="300" ind1=" " ind2=" ">
    <subfield code="a">L&apos;autore si ricava in calce al frontespizio. - In calce al testo: Data in Castello di Villa Chiara adi ventitre de decembre Millecinquecento decesette</subfield>
  </datafield>
  <datafield tag="700" ind1=" " ind2="1">
    <subfield code="a">Martinengo,</subfield>
    <subfield code="b">Bartolomeo</subfield>
    <subfield code="c"> &lt;conte di Villachiara&gt;</subfield>
    <subfield code="3">IT\ICCU\CNCA\015792</subfield>
  </datafield>
  <datafield tag="712" ind1="0" ind2="2">
    <subfield code="a">s.n.</subfield>
    <subfield code="3">IT\ICCU\CNCT\000002</subfield>
    <subfield code="4">650</subfield>
  </datafield>
  <datafield tag="790" ind1=" " ind2="1">
    <subfield code="a">Martinengo Villachiara,</subfield>
    <subfield code="b">Bartolomeo</subfield>
    <subfield code="c"> &lt;conte&gt;</subfield>
    <subfield code="3">IT\ICCU\CNCA\025770</subfield>
    <subfield code="z">Martinengo, Bartolomeo &lt;conte di Villachiara&gt;</subfield>
  </datafield>
  <datafield tag="790" ind1=" " ind2="1">
    <subfield code="a">Villachiara,</subfield>
    <subfield code="b">Bartolomeo : di</subfield>
    <subfield code="c"> &lt;conte&gt;</subfield>
    <subfield code="3">IT\ICCU\CNCA\025772</subfield>
    <subfield code="z">Martinengo, Bartolomeo &lt;conte di Villachiara&gt;</subfield>
  </datafield>
  <datafield tag="801" ind1=" " ind2="3">
    <subfield code="a">IT</subfield>
    <subfield code="b">ICCU</subfield>
    <subfield code="c">20201115</subfield>
  </datafield>
  <datafield tag="899" ind1=" " ind2=" ">
    <subfield code="a">British Library. London</subfield>
    <subfield code="1">UK0001</subfield>
  </datafield>
</record>
</collection>
